


@ARTICLE{GosCle:2007,
    author = "R. R. Goswami and T. P. Clement",
    title = {Laboratory-scale investigation of saltwater intrusion dynamics},
    journal = {Water Resour. Res.},
    volume = 43,
    year = 2007
}

@PHDTHESIS{PhDHenry:1960,
 AUTHOR = "H. R. Henry",
 TITLE = "Salt intrusion into coastal aquifers",
 YEAR = "1960",
 SCHOOL =    "Columbia University",
 address =      "New York, USA",
}

@ARTICLE{SugDes:1987,
    author = "S. Sugio and C. S. Desai",
    title = {Residual flow procedure for sea water intrusion in unconfined aquifers},
    journal = {Int J Num Meth Engng},
    volume = 24,
    number = 8,
    pages = {1439--1450},
    year = 1987,
}	

@article{Ric:1931,
Author = {Richards, L. A.},
Title = {Capillary conduction of liquids through porous mediums},
Journal = {Physics A-J Gen. Appl. Phys.},
Year = {1931},
Volume = {1},
Number = {1},
Pages = {318-333},
Affiliation = {Cornell Univ, Ithaca, NY USA.},
}


@article{Gos:2009,
author = {Goswami, R. R. and Ambale, B. and Clement, T. P.},
title = {Estimating Errors in Concentration Measurements Obtained from Image Analysis},
journal = {Vadose Zone Journal},
volume = {8},
number = {1},
pages = {108-118},
doi = {10.2136/vzj2008.0074},
year = {2009},
}
