 @ARTICLE{musu,
	AUTHOR		= "Jude L. Musuuza and Sabine Attinger and Florin A. Radu",
	TITLE		= "An extended stability criterion for density-driven flows in homogeneous porous media",
	JOURNAL	        = "Advances in Water Resources",
	VOLUME		= "32",
	NUMBER		= "",
	YEAR		= "2009",
	PAGES		= "796--808",
              NOTE                    ="doi:10.1016/j.advwatres.2009.01.012"}

@ARTICLE{schinca1,
	AUTHOR		= "R. A. Schincariol and F. W. Schwartz and C. A. Mendoza",
	TITLE		= "On the generation of instabilities in variable density flow",
	JOURNAL	        = "Water Resources Research",
	VOLUME		= "30",
	NUMBER		= "4",
	YEAR		= "1994",
	PAGES		= "913--927"	}

@ARTICLE{schinca2,
	AUTHOR		= "R. A. Schincariol and F. W. Schwartz and C. A. Mendoza",
	TITLE		= "Instabilities in variable density flows: Stability and sensitivity analyses for homogeneous and heterogeneous media",
        JOURNAL  	= "Water Resources Research",
	VOLUME		= "33",
	NUMBER		= "1",
	YEAR		= "1997",
	PAGES		= "31--41"	}
