@book{Glover:74,
 author =   	    {R.~E. Glover},
 title = 					{Transient Ground Water Hydraulics},
 year = 					{1978},
 isbn = 					{},
 publisher = 			{Water Resources Publications},
} 

@article{Gunduz2005216,
title = "River networks and groundwater flow: a simultaneous solution of a coupled system",
journal = "Journal of Hydrology",
volume = "301",
number = "1-4",
pages = "216 - 234",
year = "2005",
author = "O. Gunduz and M. M. Aral",
}

@article {GWAT:GWAT844,
author = {Srivastava, Rajesh and Guzman-Guzman, Amado},
title = {Practical Approximations of the Well Function},
journal = {Ground Water},
volume = {36},
number = {5},
publisher = {Blackwell Publishing Ltd},
issn = {1745-6584},
pages = {844--848},
year = {1998},
}
@COMMENT{
url = {http://dx.doi.org/10.1111/j.1745-6584.1998.tb02203.x},
doi = {10.1111/j.1745-6584.1998.tb02203.x},
}