@ARTICLE{FerSal:04,
    author = "S Ferrari and F Saleri",
    title = {A new two-dimensional shallow water model including pressure effects and slow
varying bottom topography},
    journal = {Math. Modell. Numer. Anal.},
    volume = 38,
    number = 2,
    pages = {211-234},
    year = 2004
}

@ARTICLE{GovEtAl:88,
    author = "R S Govindaraju and S E Jones and M L Kavvas",
    title = {On the diffusion wave model for overland flow 1. {S}olution for steep slopes},
    journal = {Water Resour. Res.},
    volume = 24,
    number = 5,
    pages = {734-744},
    year = 1998
}

@ARTICLE{Green:11,
    author = "W H Green and G A Ampt",
    title = {Studies on soil physics: 1. {F}low of air and water through soils},
    journal = {J. Agric. Sci.},
    volume = 4,
    pages = {1-24},
    year = 1911
}

@ARTICLE{Horton:40,
    author = "R E Horton",
    title = {An approach toward physical interpretation of infiltration capacity},
    journal = {Soil Science Society of America},
    volume = 5,
    pages = {399-417},
    year = 1940
}

@PHDTHESIS{Miglio:00,
    author = "E Miglio",
    title = "{Mathematical and Numerical Modeling for Environmental Applications}",
    school = {Modeling and Scientific Computation Laboratory},
    address = {Polytecnic University of Milan},
    year = 2000,
}
