% This file was created with JabRef 2.6.
% Encoding: Cp1252

@ARTICLE{Bower1997,
  author = {Bower, K.M. and Zyvoloski, G.},
  title = {A numerical model for thermo-hydro-mechanical coupling in fractured
	rock},
  journal = {International Journal of Rock Mechanics and Mining Sciences},
  year = {1997},
  volume = {34},
  pages = {1201--1211},
  number = {8},
  owner = {watanabe},
  timestamp = {2008.07.15}
}

@ARTICLE{Noorishad1992,
  author = {Noorishad, J. and Tsang, C.F. and Witherspoon, P.A.},
  title = {Theoretical and field studies of coupled hydromechanical behaviour
	of fractured rocks--1. Development and verification of a numerical
	simulator},
  journal = {International Journal of Rock Mechanics and Mining Sciences \& Geomechanics
	Abstracts},
  year = {1992},
  volume = {29},
  pages = {401--409},
  number = {4},
  month = jul,
  timestamp = {2011.01.20}
}

@TECHREPORT{Strack1982,
  author = {Strack, O.D.L.},
  title = {Assessment of effectiveness of geologic isolation systems. Analytic
	modeling of flow in a permeable fissured medium},
  institution = {Pacific Northwest Lab., Richland, WA.},
  year = {1982},
  timestamp = {2011.04.27}
}

@INPROCEEDINGS{Swenson1995,
  author = {Swenson, D. and DuTeau, R. and Sprecker, T.},
  title = {MODELING FLOW IN A JOINTED GEOTHERMAL RESERVOIR},
  booktitle = {World Geothermal Congress 1995, Florence, Italy},
  year = {1995},
  timestamp = {2011.01.20}
}

@TECHREPORT{Wijesinghe1986,
  author = {Wijesinghe, A. M.},
  title = {An exact similarity solution for coupled deformation and fluid flow
	in discrete fractures},
  institution = {Lawrence Livermore National Laboratory, Livermore, CA},
  year = {1986},
  number = {UCID--20675},
  month = {February},
  timestamp = {2011.01.20}
}

