@ARTICLE{KalEtAl2010,
author={Kalbacher, T. and Schneider, C. and Wang, W. and Hildebrandt, A. and Attinger, S. and Kolditz, O.},
title={Parallelized Modelling of Soil-Coupled 3D Water Uptake of Multiple Root Systems with Automatic Adaptive Time Step Control},
journal={Vadoze Zone Journal},
year={2010},
pages={1-11},
document_type={Article in Press},
}

@ARTICLE{SunEtAl2010,
author={Sun, F. and Shao, H. and Kalbacher, T. and Wang, W. and Yang, Z. and Huang, Z. and Jiang, T. and Kolditz, O.},
title={Change of subsurface flow regime in the Nankou Area, Beijing},
journal={Environmental Earth Sciences},
year={2010},
pages={1-11},
document_type={Article in Press},
}

@ARTICLE{Wang20101,
author={Wang, W., Rutqvist, J., Görke, U.-J., Birkholzer, J.T., Kolditz, O.},
title={Non-isothermal flow in low permeable porous media: a comparison of Richards' and two-phase flow approaches},
journal={Environmental Earth Sciences},
year={2010},
pages={1-11},
note={cited By (since 1996) 0; Article in Press},
url={http://www.scopus.com/inward/record.url?eid=2-s2.0-77953941939&partnerID=40&md5=387484a640b9d894f39e638c0bf27ed0},
document_type={Article in Press},
source={Scopus},
}

@ARTICLE{Wang2010418,
author={Wang, W., Kolditz, O.},
title={Sparse matrix and solver objects for parallel finite element simulation of multi-field problems},
journal={Lecture Notes in Computer Science (including subseries Lecture Notes in Artificial Intelligence and Lecture Notes in Bioinformatics)},
year={2010},
volume={5938 LNCS},
pages={418-425},
note={cited By (since 1996) 0},
url={http://www.scopus.com/inward/record.url?eid=2-s2.0-77951534862&partnerID=40&md5=9ae158040942826b79c9be5708a29579},
document_type={Conference Paper},
source={Scopus},
}

@ARTICLE{Centler2010397,
author={Centler, F., Shao, H., De Biase, C., Park, C.-H., Regnier, P., Kolditz, O., Thullner, M.},
title={GeoSysBRNS-A flexible multidimensional reactive transport model for simulating biogeochemical subsurface processes},
journal={Computers and Geosciences},
year={2010},
volume={36},
number={3},
pages={397-405},
note={cited By (since 1996) 0},
url={http://www.scopus.com/inward/record.url?eid=2-s2.0-75749083611&partnerID=40&md5=7343dfc8e9912cd521eaa27cf65e500e},
document_type={Article},
source={Scopus},
}

@ARTICLE{Tenzer20091,
author={Tenzer, H., Park, C.-H., Kolditz, O., McDermott, C.I.},
title={Application of the geomechanical facies approach and comparison of exploration and evaluation methods used at Soultz-sous-Forêts (France) and Spa Urach (Germany) geothermal sites},
journal={Environmental Earth Sciences},
year={2009},
pages={1-28},
note={cited By (since 1996) 0; Article in Press},
url={http://www.scopus.com/inward/record.url?eid=2-s2.0-73649142421&partnerID=40&md5=0946dd97a7bda235bc16fb3f23d86a36},
document_type={Article in Press},
source={Scopus},
}

@CONFERENCE{Watanabe2009248,
author={Watanabe, N., Wang, W., McDermott, C.I., Zehner, B., Kolditz, O.},
title={Thermo-hydro-mechanical modelling and applications for enhanced geothermal reservoirs},
journal={Transactions - Geothermal Resources Council},
year={2009},
volume={33},
pages={248-252},
note={cited By (since 1996) 0},
url={http://www.scopus.com/inward/record.url?eid=2-s2.0-77952589704&partnerID=40&md5=bc3f9886cb1f244a26d75ead3bca4ffa},
document_type={Conference Paper},
source={Scopus},
}

@ARTICLE{Watanabe20091,
author={Watanabe, N., Wang, W., McDermott, C.I., Taniguchi, T., Kolditz, O.},
title={Uncertainty analysis of thermo-hydro-mechanical coupled processes in heterogeneous porous media},
journal={Computational Mechanics},
year={2009},
pages={1-18},
note={cited By (since 1996) 0; Article in Press},
url={http://www.scopus.com/inward/record.url?eid=2-s2.0-70449485281&partnerID=40&md5=982a83f7fcc5d2520f5faff413556233},
document_type={Article in Press},
source={Scopus},
}

@ARTICLE{Delfs2009219,
author={Delfs, J., Kalbus, E., Park, C., Kolditz Dr., O.},
title={A physically based model concept for transport modelling in coupled hydrosystems [Ein physikalisch basiertes Modellkonzept zur Transportmodellierung in gekoppelten Hydrosystemen]},
journal={Grundwasser},
year={2009},
volume={14},
number={3},
pages={219-235},
note={cited By (since 1996) 0},
url={http://www.scopus.com/inward/record.url?eid=2-s2.0-70350216202&partnerID=40&md5=5024957c4d6577b208cf99714f23feda},
document_type={Article},
source={Scopus},
}

@ARTICLE{Delfs20091386,
author={Delfs, J.-O., Park, C.-H., Kolditz, O.},
title={A sensitivity analysis of Hortonian flow},
journal={Advances in Water Resources},
year={2009},
volume={32},
number={9},
pages={1386-1395},
note={cited By (since 1996) 1},
url={http://www.scopus.com/inward/record.url?eid=2-s2.0-68649114981&partnerID=40&md5=a4dab249fe331b39f919d22e9a17fee6},
document_type={Article},
source={Scopus},
}

@ARTICLE{McDermott2009349,
author={McDermott, C.I., Walsh, R., Mettier, R., Kosakowski, G., Kolditz, O.},
title={Hybrid analytical and finite element numerical modeling of mass and heat transport in fractured rocks with matrix diffusion},
journal={Computational Geosciences},
year={2009},
volume={13},
number={3},
pages={349-361},
note={cited By (since 1996) 0},
url={http://www.scopus.com/inward/record.url?eid=2-s2.0-70449518447&partnerID=40&md5=804df9fadd72f06a5441e1e5e8d218da},
document_type={Article},
source={Scopus},
}

@ARTICLE{Wang20091631,
author={Wang, W., Kosakowski, G., Kolditz, O.},
title={A parallel finite element scheme for thermo-hydro-mechanical (THM) coupled problems in porous media},
journal={Computers and Geosciences},
year={2009},
volume={35},
number={8},
pages={1631-1641},
note={cited By (since 1996) 2},
url={http://www.scopus.com/inward/record.url?eid=2-s2.0-67650514816&partnerID=40&md5=8c402e24c6dfb2144c25f2b91ea358a0},
document_type={Article},
source={Scopus},
}

@ARTICLE{Shao20091287,
author={Shao, H., Dmytrieva, S.V., Kolditz, O., Kulik, D.A., Pfingsten, W., Kosakowski, G.},
title={Modeling reactive transport in non-ideal aqueous-solid solution system},
journal={Applied Geochemistry},
year={2009},
volume={24},
number={7},
pages={1287-1300},
note={cited By (since 1996) 1},
url={http://www.scopus.com/inward/record.url?eid=2-s2.0-67349267288&partnerID=40&md5=b075b1762253e998e2c9ed2ff5768782},
document_type={Article},
source={Scopus},
}

@ARTICLE{Myrttinen20091207,
author={Myrttinen, A., Boving, T., Kolditz, O.},
title={Erratum: Modeling of an MTBE plume at Pascoag, Rhode Island (Environmental Geology DOI 10.1007/s00254-008-1416-8)},
journal={Environmental Geology},
year={2009},
volume={57},
number={5},
pages={1207},
note={cited By (since 1996) 0},
url={http://www.scopus.com/inward/record.url?eid=2-s2.0-65449117296&partnerID=40&md5=06f6b068b290e0161904d1a2758f1600},
document_type={Erratum},
source={Scopus},
}

@ARTICLE{Myrttinen20091197,
author={Myrttinen, A., Boving, T., Kolditz, O.},
title={Modeling of an MTBE plume at Pascoag, Rhode Island},
journal={Environmental Geology},
year={2009},
volume={57},
number={5},
pages={1197-1206},
note={cited By (since 1996) 0},
url={http://www.scopus.com/inward/record.url?eid=2-s2.0-67349120606&partnerID=40&md5=806d707bf189d3e59c0feab06c635834},
document_type={Article},
source={Scopus},
}

@ARTICLE{Rutqvist20091347,
author={Rutqvist, J., Barr, D., Birkholzer, J.T., Fujisaki, K., Kolditz, O., Liu, Q.-S., Fujita, T., Wang, W., Zhang, C.-Y.},
title={A comparative simulation study of coupled THM processes and their effect on fractured rock permeability around nuclear waste repositories},
journal={Environmental Geology},
year={2009},
volume={57},
number={6},
pages={1347-1360},
note={cited By (since 1996) 0},
url={http://www.scopus.com/inward/record.url?eid=2-s2.0-67349179636&partnerID=40&md5=ee82161c9558a6f87165ca16de89e08d},
document_type={Article},
source={Scopus},
}

@ARTICLE{Bauer200956,
author={Bauer, R.D., Rolle, M., Bauer, S., Eberhardt, C., Grathwohl, P., Kolditz, O., Meckenstock, R.U., Griebler, C.},
title={Enhanced biodegradation by hydraulic heterogeneities in petroleum hydrocarbon plumes},
journal={Journal of Contaminant Hydrology},
year={2009},
volume={105},
number={1-2},
pages={56-68},
note={cited By (since 1996) 10},
url={http://www.scopus.com/inward/record.url?eid=2-s2.0-59649117282&partnerID=40&md5=0777db3e91bfebfbf606c9fabe607fee},
document_type={Article},
source={Scopus},
}

@ARTICLE{Shao2009293,
author={Shao, H., Centler, F., De Biase, C., Thullner, M., Kolditz, O.},
title={Comments on "Two-dimensional concentration distribution for mixing-controlled bioreactive transport in steady-state" by O.A. Cirpka and A.J. Valocchi},
journal={Advances in Water Resources},
year={2009},
volume={32},
number={2},
pages={293-297},
note={cited By (since 1996) 1},
url={http://www.scopus.com/inward/record.url?eid=2-s2.0-63549098373&partnerID=40&md5=3e32b828510fb63b1111d3e5a5af696d},
document_type={Letter},
source={Scopus},
}

@ARTICLE{Barth2009161,
author={Barth, J.A.C., Grathwohl, P., Fowler, H.J., Bellin, A., Gerzabek, M.H., Lair, G.J., Barceló, D., Petrovic, M., Navarro, A., Négrel, P., Petelet-Giraud, E., Darmendrail, D., Rijnaarts, H., Langenhoff, A., De Weert, J., Slob, A., Van Der Zaan, B.M., Gerritse, J., Frank, E., Gutierrez, A., Kretzschmar, R., Gocht, T., Steidle, D., Garrido, F., Jones, K.C., Meijer, S., Moeckel, C., Marsman, A., Klaver, G., Vogel, T., Bürger, C., Kolditz, O., Broers, H.P., Baran, N., Joziasse, J., Von Tümpling, W., Van Gaans, P., Merly, C., Chapman, A., Brouyère, S., Batlle Aguilar, J., Orban, Ph., Tas, N., Smidt, H.},
title={Mobility, turnover and storage of pollutants in soils, sediments and waters: Achievements and results of the EU project AquaTerra. A review},
journal={Agronomy for Sustainable Development},
year={2009},
volume={29},
number={1},
pages={161-173},
note={cited By (since 1996) 2},
url={http://www.scopus.com/inward/record.url?eid=2-s2.0-65149104675&partnerID=40&md5=5b9f2818872efa3687226a5bc9a820b8},
document_type={Review},
source={Scopus},
}

@ARTICLE{Du20091,
author={Du, Y., Delfs, J.-O., Kalbus, E., Wang, W., Park, C.-H., Kolditz, O.},
title={A regional hydrological soil model for large-scale applications: Computational concept and implementation},
journal={Journal of Environmental Hydrology},
year={2009},
volume={17},
pages={1-16},
note={cited By (since 1996) 0},
url={http://www.scopus.com/inward/record.url?eid=2-s2.0-62849091250&partnerID=40&md5=e29a0f62055024ff4f7e730166366b0e},
document_type={Article},
source={Scopus},
}

@CONFERENCE{Wang2008,
author={Wang, W., Park, C.-H., Schnicke, T., Wieser, T., Kolditz, O.},
title={Parallel finite element methods for Thermo-Hydro-Mechanical (THM) coupled problems: MPI concepts on different parallel computer platforms},
journal={42nd U.S. Rock Mechanics - 2nd U.S.-Canada Rock Mechanics Symposium},
year={2008},
note={cited By (since 1996) 0},
url={http://www.scopus.com/inward/record.url?eid=2-s2.0-69549121982&partnerID=40&md5=4358884113b5937bb157a851234c496e},
document_type={Conference Paper},
source={Scopus},
}

@CONFERENCE{Rolle2008356,
author={Rolle, M., Bauer, R., Griebler, C., Meckenstock, R., Bauer, S., Kolditz, O., Grathwohl, P.},
title={Aerobic degradation of a toluene plume in homogeneous and heterogeneous porous media},
journal={IAHS-AISH Publication},
year={2008},
number={324},
pages={356-363},
note={cited By (since 1996) 0},
url={http://www.scopus.com/inward/record.url?eid=2-s2.0-62949245905&partnerID=40&md5=ab6d05f32d4707f8eca534f71536384e},
document_type={Conference Paper},
source={Scopus},
}

@CONFERENCE{Park200847,
author={Park, C.-H., Delfs, J.-O., Kolditz, O.},
title={Particle tracking of Cryptosporidium oocysts from surface to groundwater},
journal={IAHS-AISH Publication},
year={2008},
number={324},
pages={47-54},
note={cited By (since 1996) 0},
url={http://www.scopus.com/inward/record.url?eid=2-s2.0-62949120709&partnerID=40&md5=f04e0495e3d0b4cadbc2d4fea69f5b84},
document_type={Conference Paper},
source={Scopus},
}

@CONFERENCE{Beyer2008210,
author={Beyer, C., Khan, F., Rein, A., Dietrich, P., Kolditz, O., Bauer, S.},
title={Assessing contaminant attenuation under temporally variable groundwater flow conditions},
journal={IAHS-AISH Publication},
year={2008},
number={324},
pages={210-217},
note={cited By (since 1996) 0},
url={http://www.scopus.com/inward/record.url?eid=2-s2.0-62949231264&partnerID=40&md5=1972a79fdabc75b530648ba17fcc459b},
document_type={Conference Paper},
source={Scopus},
}

@ARTICLE{Park20081755,
author={Park, C.-H., Beyer, C., Bauer, S., Kolditz, O.},
title={Using global node-based velocity in random walk particle tracking in variably saturated porous media: Application to contaminant leaching from road constructions},
journal={Environmental Geology},
year={2008},
volume={55},
number={8},
pages={1755-1766},
note={cited By (since 1996) 3},
url={http://www.scopus.com/inward/record.url?eid=2-s2.0-53949108549&partnerID=40&md5=a34d3acc4380d39aa7a73232bc349f6a},
document_type={Article},
source={Scopus},
}

@ARTICLE{Park2008285,
author={Park, C.-H., Beyer, C., Bauer, S., Kolditz, O.},
title={A study of preferential flow in heterogeneous media using random walk particle tracking},
journal={Geosciences Journal},
year={2008},
volume={12},
number={3},
pages={285-297},
note={cited By (since 1996) 4},
url={http://www.scopus.com/inward/record.url?eid=2-s2.0-55949096470&partnerID=40&md5=f5d3cfea52b9cb2e3a0b64afd729cb97},
document_type={Article},
source={Scopus},
}

@ARTICLE{Rutqvist2008101,
author={Rutqvist, J., Barr, D., Birkholzer, J.T., Chijimatsu, M., Kolditz, O., Liu, Q., Oda, Y., Wang, W., Zhang, C.},
title={Results from an international simulation study on coupled thermal, hydrological, and mechanical processes near geological nuclear waste repositories},
journal={Nuclear Technology},
year={2008},
volume={163},
number={1},
pages={101-109},
note={cited By (since 1996) 4},
url={http://www.scopus.com/inward/record.url?eid=2-s2.0-50549091337&partnerID=40&md5=8fee3384d69d17acfd816f279aa9ba63},
document_type={Conference Paper},
source={Scopus},
}

@ARTICLE{Kolditz2008227,
author={Kolditz, O., Delfs, J.-O., Bürger, C., Beinhorn, M., Park, C.-H.},
title={Numerical analysis of coupled hydrosystems based on an object-oriented compartment approach},
journal={Journal of Hydroinformatics},
year={2008},
volume={10},
number={3},
pages={227-244},
note={cited By (since 1996) 8},
url={http://www.scopus.com/inward/record.url?eid=2-s2.0-47949125282&partnerID=40&md5=27544cbaf218b8cf5e0e8f7975bca2ce},
document_type={Article},
source={Scopus},
}

@ARTICLE{Walsh2008613,
author={Walsh, R., McDermott, C., Kolditz, O.},
title={Numerical modeling of stress-permeability coupling in rough fractures},
journal={Hydrogeology Journal},
year={2008},
volume={16},
number={4},
pages={613-627},
note={cited By (since 1996) 3},
url={http://www.scopus.com/inward/record.url?eid=2-s2.0-45849143663&partnerID=40&md5=bcc7ce7bfe200a88aa5d4b9215dda4d3},
document_type={Article},
source={Scopus},
}

@CONFERENCE{Wang2007201,
author={Wang, W., Walsh, R., Shao, H., Xie, M., Kolditz, O.},
title={Simulation of long term thermal, hydraulic and mechanical interaction between buffer and salt host rock},
journal={Proceedings of the 6th Conference on the Mechanical Behavior of Salt 'SALTMECH6' - The Mechanical Behavior of Salt - Understanding of THMC Processes in Salt},
year={2007},
pages={201-208},
note={cited By (since 1996) 1},
url={http://www.scopus.com/inward/record.url?eid=2-s2.0-55549103381&partnerID=40&md5=5eaaadd0641fab434b5374eb362b3714},
document_type={Conference Paper},
source={Scopus},
}

@CONFERENCE{Xie2007277,
author={Xie, M., Moog, H.C., Wang, W., Herbert, H.-J., Shao, H., Kolditz, O.},
title={Reactive transport modelling in salt material based on Gibbs energy minimization},
journal={Proceedings of the 6th Conference on the Mechanical Behavior of Salt 'SALTMECH6' - The Mechanical Behavior of Salt - Understanding of THMC Processes in Salt},
year={2007},
pages={277-284},
note={cited By (since 1996) 0},
url={http://www.scopus.com/inward/record.url?eid=2-s2.0-55549118257&partnerID=40&md5=eb49450616bfef50950af94fe6cd8703},
document_type={Conference Paper},
source={Scopus},
}

@ARTICLE{Beyer2007774,
author={Beyer, C., Chen, C., Gronewold, J., Kolditz, O., Bauer, S.},
title={Determination of first-order degradation rate constants from monitoring networks},
journal={Ground Water},
year={2007},
volume={45},
number={6},
pages={774-785},
note={cited By (since 1996) 3},
url={http://www.scopus.com/inward/record.url?eid=2-s2.0-35649025883&partnerID=40&md5=a2fa0ef27238cb1a07bccd5bdfbc7dad},
document_type={Article},
source={Scopus},
}

@ARTICLE{Bürger2007842,
author={Bürger, C.M., Kolditz, O., Fowler, H.J., Blenkinsop, S.},
title={Future climate scenarios and rainfall-runoff modelling in the Upper Gallego catchment (Spain)},
journal={Environmental Pollution},
year={2007},
volume={148},
number={3},
pages={842-854},
note={cited By (since 1996) 4},
url={http://www.scopus.com/inward/record.url?eid=2-s2.0-34250207695&partnerID=40&md5=b51e830d9bd7f1f4fa0b6296ee4fcf5a},
document_type={Article},
source={Scopus},
}

@ARTICLE{Kolditz2007855,
author={Kolditz, O., Du, Y., Bürger, C., Delfs, J., Kuntz, D., Beinhorn, M., Hess, M., Wang, W., van der Grift, B., te Stroet, C.},
title={Development of a regional hydrologic soil model and application to the Beerze-Reusel drainage basin},
journal={Environmental Pollution},
year={2007},
volume={148},
number={3},
pages={855-866},
note={cited By (since 1996) 5},
url={http://www.scopus.com/inward/record.url?eid=2-s2.0-34249993156&partnerID=40&md5=272dd31d294d5f64d3e5b3bb15c749d9},
document_type={Article},
source={Scopus},
}

@ARTICLE{Miles20071399,
author={Miles, B., Kalbacher, T., Kolditz, O., Chen, C., Gronewold, J., Wang, W., Peter, A.},
title={Development and parameterisation of a complex hydrogeological model based on high-resolution direct-push data},
journal={Environmental Geology},
year={2007},
volume={52},
number={7},
pages={1399-1412},
note={cited By (since 1996) 3},
url={http://www.scopus.com/inward/record.url?eid=2-s2.0-34250635118&partnerID=40&md5=e88c479bea75b24e12c2f956bda5c603},
document_type={Article},
source={Scopus},
}

@ARTICLE{McDermott200717,
author={McDermott, C.I., Tarafder, S.A., Kolditz, O., Schüth, C.},
title={Vacuum assisted removal of volatile to semi volatile organic contaminants from water using hollow fiber membrane contactors. II: A hybrid numerical-analytical modeling approach},
journal={Journal of Membrane Science},
year={2007},
volume={292},
number={1-2},
pages={17-28},
note={cited By (since 1996) 5},
url={http://www.scopus.com/inward/record.url?eid=2-s2.0-33847751429&partnerID=40&md5=77b6611ba3a986545d4846d28ffffd8f},
document_type={Article},
source={Scopus},
}

@ARTICLE{Kalbacher20079,
author={Kalbacher, T., Mettier, R., McDermott, C., Wang, W., Kosakowski, G., Taniguchi, T., Kolditz, O.},
title={Geometric modelling and object-oriented software concepts applied to a heterogeneous fractured network from the Grimsel rock laboratory},
journal={Computational Geosciences},
year={2007},
volume={11},
number={1},
pages={9-26},
note={cited By (since 1996) 2},
url={http://www.scopus.com/inward/record.url?eid=2-s2.0-33847386275&partnerID=40&md5=5b126da0d35edef21c38aa925ad746fd},
document_type={Article},
source={Scopus},
}

@ARTICLE{Bauer20073,
author={Bauer, S., Beyer, C., Kolditz, O.},
title={Influence of heterogeneity and measurement error on the determination of first order degradation rates - A virtual aquifer scenario analysis [Einfluss von Heterogenität und Messfehler auf die Bestimmung von Abbauraten erster Ordnung - eine Virtueller-Aquifer-Szenarioanalyse]},
journal={Grundwasser},
year={2007},
volume={12},
number={1},
pages={3-14},
note={cited By (since 1996) 2},
url={http://www.scopus.com/inward/record.url?eid=2-s2.0-33947366914&partnerID=40&md5=d50bc8a990b0d4720e31283fbdc74d8c},
document_type={Article},
source={Scopus},
}

@ARTICLE{Xie2007311,
author={Xie, M., Wang, W., De Jonge, J., Kolditz, O.},
title={Numerical modelling of swelling pressure in unsaturated expansive elasto-plastic porous media},
journal={Transport in Porous Media},
year={2007},
volume={66},
number={3},
pages={311-339},
note={cited By (since 1996) 2},
url={http://www.scopus.com/inward/record.url?eid=2-s2.0-33846989459&partnerID=40&md5=c6f0dc2b38003ae295ef33896e799c16},
document_type={Article},
source={Scopus},
}

@ARTICLE{Wang2007162,
author={Wang, W., Kolditz, O.},
title={Object-oriented finite element analysis of thermo-hydro-mechanical (THM) problems in porous media},
journal={International Journal for Numerical Methods in Engineering},
year={2007},
volume={69},
number={1},
pages={162-201},
note={cited By (since 1996) 15},
url={http://www.scopus.com/inward/record.url?eid=2-s2.0-33846309631&partnerID=40&md5=0b432b4ac3ba492e72d4a524d7e1848f},
document_type={Article},
source={Scopus},
}

@CONFERENCE{Birkholzer2006747,
author={Birkholzer, J.T., Rutqvist, J., Sonnenthal, E.L., Barr, D., Chijimatsu, M., Kolditz, O., Liu, Q., Oda, Y., Wang, W., Xie, M., Zhang, C.},
title={Geomechanical/geochemical modeling studies conducted within the international DECOVALEX project},
journal={Proceedings of the 11th International High Level Radioactive Waste Management Conference, IHLRWM},
year={2006},
volume={2006},
pages={747-754},
note={cited By (since 1996) 0},
url={http://www.scopus.com/inward/record.url?eid=2-s2.0-33847223107&partnerID=40&md5=2b0e2dfabf2d59dec313588aa85f4a5d},
document_type={Conference Paper},
source={Scopus},
}

@CONFERENCE{Tenzer2006353,
author={Tenzer, H., McDermott, C.I., Kolditz, O.},
title={Geomechanical facies concept in exploration techniques of EGS sites, soultz-sous-forêts and spa urach},
journal={Transactions - Geothermal Resources Council},
year={2006},
volume={30 I},
pages={353-359},
note={cited By (since 1996) 0},
url={http://www.scopus.com/inward/record.url?eid=2-s2.0-34548192192&partnerID=40&md5=d19457feef80e0b2b23f4e45d1bb2df7},
document_type={Conference Paper},
source={Scopus},
}

@CONFERENCE{Rutqvist2006755,
author={Rutqvist, J., Birkholzer, J.T., Chijimatsu, M., Kolditz, O., Liu, Q.-S., Oda, Y., Wang, W., Zhang, C.-Y.},
title={Results from an international simulation study on coupled thermal, hydrological, and mechanical (THM) processes near geological nuclear waste repositories},
journal={Proceedings of the 11th International High Level Radioactive Waste Management Conference, IHLRWM},
year={2006},
volume={2006},
pages={755-762},
note={cited By (since 1996) 1},
url={http://www.scopus.com/inward/record.url?eid=2-s2.0-33847227716&partnerID=40&md5=5a54a1c6e87a05db6597bc21102e1614},
document_type={Conference Paper},
source={Scopus},
}

@CONFERENCE{Xie2006663,
author={Xie, M., Shao, H., Kolditz, O.},
title={Numerical simulation of non-isothermal reactive transport processes of dual-geochemical systems in FEBEX-type repositories},
journal={Proceedings of the 11th International High Level Radioactive Waste Management Conference, IHLRWM},
year={2006},
volume={2006},
pages={663-668},
note={cited By (since 1996) 0},
url={http://www.scopus.com/inward/record.url?eid=2-s2.0-33847233946&partnerID=40&md5=cd2c525344295b2ad578f99823e1e350},
document_type={Conference Paper},
source={Scopus},
}

@ARTICLE{Beyer200673,
author={Beyer, C., Bauer, S., Kolditz, O.},
title={Uncertainty assessment of contaminant plume length estimates in heterogeneous aquifers},
journal={Journal of Contaminant Hydrology},
year={2006},
volume={87},
number={1-2},
pages={73-95},
note={cited By (since 1996) 5},
url={http://www.scopus.com/inward/record.url?eid=2-s2.0-33747346437&partnerID=40&md5=4f3a5cb8417210ae5203fcdd972451e3},
document_type={Article},
source={Scopus},
}

@ARTICLE{Mettier2006687,
author={Mettier, R., Kosakowski, G., Kolditz, O.},
title={Influence of small-scale heterogeneities on contaminant transport in fractured crystalline rock},
journal={Ground Water},
year={2006},
volume={44},
number={5},
pages={687-696},
note={cited By (since 1996) 2},
url={http://www.scopus.com/inward/record.url?eid=2-s2.0-33748427796&partnerID=40&md5=c856ce416e737d939d543ef5edcc4514},
document_type={Article},
source={Scopus},
}

@CONFERENCE{Bauer2006123,
author={Bauer, S., Kolditz, O.},
title={Assessing contaminant mass flow rates obtained by the integral groundwater investigation method by using the Virtual Aquifer approach},
journal={IAHS-AISH Publication},
year={2006},
number={304},
pages={123-129},
note={cited By (since 1996) 0},
url={http://www.scopus.com/inward/record.url?eid=2-s2.0-33746034511&partnerID=40&md5=c982f57b888f4aa4b7ea1167ca12f46e},
document_type={Conference Paper},
source={Scopus},
}

@CONFERENCE{Ghergut200617,
author={Ghergut, I., McDermott, C., Sauter, M., Herfort, M., Kolditz, O.},
title={Reducing ambiguity in fractured-porous media characterization using single-well tracer tests},
journal={IAHS-AISH Publication},
year={2006},
number={304},
pages={17-24},
note={cited By (since 1996) 0},
url={http://www.scopus.com/inward/record.url?eid=2-s2.0-33746052818&partnerID=40&md5=cd397b49e6248e6250c62c4b792af3ba},
document_type={Conference Paper},
source={Scopus},
}

@ARTICLE{McDermott2006321,
author={McDermott, C.I., Randriamanjatosoa, A.R.L., Tenzer, H., Kolditz, O.},
title={Simulation of heat extraction from crystalline rocks: The influence of coupled processes on differential reservoir cooling},
journal={Geothermics},
year={2006},
volume={35},
number={3},
pages={321-344},
note={cited By (since 1996) 4},
url={http://www.scopus.com/inward/record.url?eid=2-s2.0-33745700394&partnerID=40&md5=80dabf48e88f50c3683ffcda5bed9ba9},
document_type={Article},
source={Scopus},
}

@ARTICLE{McDermott2006485,
author={McDermott, C., Kolditz, O.},
title={Geomechanical model for fracture deformation under hydraulic, mechanical and thermal loads},
journal={Hydrogeology Journal},
year={2006},
volume={14},
number={4},
pages={485-498},
note={cited By (since 1996) 3},
url={http://www.scopus.com/inward/record.url?eid=2-s2.0-33645853754&partnerID=40&md5=356e2c5a825fbe80de1bd60645b0abce},
document_type={Article},
source={Scopus},
}

@ARTICLE{McDermott200667,
author={McDermott, C.I., Lodemann, M., Ghergut, I., Tenzer, H., Sauter, M., Kolditz, O.},
title={Investigation of coupled hydraulic-geomechanical processes at the KTB site: Pressure-dependent characteristics of a long-term pump test and elastic interpretation using a geomechanical facies model},
journal={Geofluids},
year={2006},
volume={6},
number={1},
pages={67-81},
note={cited By (since 1996) 4},
url={http://www.scopus.com/inward/record.url?eid=2-s2.0-33645046886&partnerID=40&md5=f9c27a0d8985f68b43b81bee84f5431d},
document_type={Article},
source={Scopus},
}

@ARTICLE{Wang2006266,
author={Wang, W., Datcheva, M., Schanz, T., Kolditz, O.},
title={A sub-stepping approach for elasto-plasticity with rotational hardening},
journal={Computational Mechanics},
year={2006},
volume={37},
number={3},
pages={266-278},
note={cited By (since 1996) 3},
url={http://www.scopus.com/inward/record.url?eid=2-s2.0-28244449000&partnerID=40&md5=3416713cac3ff27a250028f2bd854649},
document_type={Article},
source={Scopus},
}

@ARTICLE{Xie2006122,
author={Xie, M., Bauer, S., Kolditz, O., Nowak, T., Shao, H.},
title={Numerical simulation of reactive processes in an experiment with partially saturated bentonite},
journal={Journal of Contaminant Hydrology},
year={2006},
volume={83},
number={1-2},
pages={122-147},
note={cited By (since 1996) 11},
url={http://www.scopus.com/inward/record.url?eid=2-s2.0-29844458323&partnerID=40&md5=8b035aa4d2e81a39d2c1b2f89af20e8e},
document_type={Article},
source={Scopus},
}

@ARTICLE{Korsawe20061096,
author={Korsawe, J., Starke, G., Wang, W., Kolditz, O.},
title={Finite element analysis of poro-elastic consolidation in porous media: Standard and mixed approaches},
journal={Computer Methods in Applied Mechanics and Engineering},
year={2006},
volume={195},
number={9-12},
pages={1096-1115},
note={cited By (since 1996) 13},
url={http://www.scopus.com/inward/record.url?eid=2-s2.0-28444440957&partnerID=40&md5=18b390835f4670d9998fe85bf386561c},
document_type={Article},
source={Scopus},
}

@ARTICLE{Bauer2006,
author={Bauer, S., Beyer, C., Kolditz, O.},
title={Assessing measurement uncertainty of first-order degradation rates in heterogeneous aquifers},
journal={Water Resources Research},
year={2006},
volume={42},
number={1},
art_number={W01420},
note={cited By (since 1996) 13},
url={http://www.scopus.com/inward/record.url?eid=2-s2.0-33644811295&partnerID=40&md5=73e775969bc54f0036625974fcad9e0e},
document_type={Article},
source={Scopus},
}

@ARTICLE{Beinhorn200589,
author={Beinhorn, M., Dietrich, P., Kolditz, O.},
title={3-D numerical evaluation of density effects on tracer tests},
journal={Journal of Contaminant Hydrology},
year={2005},
volume={81},
number={1-4},
pages={89-105},
note={cited By (since 1996) 14},
url={http://www.scopus.com/inward/record.url?eid=2-s2.0-27844587329&partnerID=40&md5=b312ff1c4836bd7f388a8d910a304571},
document_type={Article},
source={Scopus},
}

@CONFERENCE{McDermott2005649,
author={McDermott, C.I., Randriamanjatosoa, A.L., Tenzer, H., Sauter, M., Kolditz, O.},
title={Processes in crystalline HDR geothermal energy recovery: Preliminary application to spa urach},
journal={Transactions - Geothermal Resources Council},
year={2005},
volume={29},
pages={649-656},
note={cited By (since 1996) 0},
url={http://www.scopus.com/inward/record.url?eid=2-s2.0-33745196683&partnerID=40&md5=8fa633126ab00ef98d00c8011fba27a5},
document_type={Conference Paper},
source={Scopus},
}

@CONFERENCE{Kemmler20051064,
author={Kemmler, D., Adamidis, P., Wang, W., Bauer, S., Kolditz, O.},
title={Solving coupled geoscience problems on high performance computing platforms},
journal={Lecture Notes in Computer Science},
year={2005},
volume={3515},
number={II},
pages={1064-1071},
note={cited By (since 1996) 1},
url={http://www.scopus.com/inward/record.url?eid=2-s2.0-25144444338&partnerID=40&md5=09b1068b81ad918179d13294c1b47243},
document_type={Conference Paper},
source={Scopus},
}

@CONFERENCE{Bauer2005274,
author={Bauer, S., Beyer, C., Kolditz, O.},
title={Assessing measurements of first-order degradation rates through the virtual aquifer approach},
journal={IAHS-AISH Publication},
year={2005},
number={297},
pages={274-281},
note={cited By (since 1996) 4},
url={http://www.scopus.com/inward/record.url?eid=2-s2.0-23844447411&partnerID=40&md5=45327ef876acff7b4616c68a8b6b40db},
document_type={Conference Paper},
source={Scopus},
}

@CONFERENCE{Kolditz2005531,
author={Kolditz, O., Beinhorn, M., Liedl, R.},
title={An object-oriented groundwater/river model},
journal={IAHS-AISH Publication},
year={2005},
number={297},
pages={531-539},
note={cited By (since 1996) 3},
url={http://www.scopus.com/inward/record.url?eid=2-s2.0-23844476913&partnerID=40&md5=19cbbd4c17901551cec82ee1eca82f96},
document_type={Conference Paper},
source={Scopus},
}

@ARTICLE{Chen2005,
author={Chen, C., Sawarieh, A., Kalbacher, T., Beinhorn, M., Wang, W., Kolditz, O.},
title={A GIS based 3-D hydrosystem model of the Zarqa Ma'in-Jiza areas in central Jordan},
journal={Journal of Environmental Hydrology},
year={2005},
volume={13},
note={cited By (since 1996) 5},
url={http://www.scopus.com/inward/record.url?eid=2-s2.0-21244494072&partnerID=40&md5=444000b923d128080d844683782b638e},
document_type={Article},
source={Scopus},
}

@ARTICLE{Kalbacher20051017,
author={Kalbacher, T., Wang, W., McDermott, C., Kolditz, O., Taniguchi, T.},
title={Development and application of a CAD interface for fractured rock},
journal={Environmental Geology},
year={2005},
volume={47},
number={7},
pages={1017-1027},
note={cited By (since 1996) 9},
url={http://www.scopus.com/inward/record.url?eid=2-s2.0-20444425705&partnerID=40&md5=d459d597db5aeb46327232510d00f9a3},
document_type={Article},
source={Scopus},
}

@ARTICLE{Xie20041479,
author={Xie, M., Agus, S.S., Schanz, T., Kolditz, O.},
title={An upscaling method and a numerical analysis of swelling/shrinking processes in a compacted bentonite/sand mixture},
journal={International Journal for Numerical and Analytical Methods in Geomechanics},
year={2004},
volume={28},
number={15},
pages={1479-1502},
note={cited By (since 1996) 11},
url={http://www.scopus.com/inward/record.url?eid=2-s2.0-10944234776&partnerID=40&md5=c210889196bf1f8e54db55ba1dd34407},
document_type={Article},
source={Scopus},
}

@ARTICLE{Kolditz2004345,
author={Kolditz, O., De Jonge, J.},
title={Non-isothermal two-phase flow in low-permeable porous media},
journal={Computational Mechanics},
year={2004},
volume={33},
number={5},
pages={345-364},
note={cited By (since 1996) 12},
url={http://www.scopus.com/inward/record.url?eid=2-s2.0-3042820718&partnerID=40&md5=4f6e0cac4b3ce70af1f4d410e41ed85f},
document_type={Article},
source={Scopus},
}

@ARTICLE{Schäefer200252,
author={Schäefer, D., Dahmke, A., Kolditz, O., Teutsch, G.},
title={"Virtual aquifers": A concept for evaluation of exploration, remediation and monitoring strategies},
journal={IAHS-AISH Publication},
year={2002},
number={277},
pages={52-59},
note={cited By (since 1996) 2},
url={http://www.scopus.com/inward/record.url?eid=2-s2.0-0141857609&partnerID=40&md5=33d1cb7864c759a9a7fda032a3ceb03d},
document_type={Article},
source={Scopus},
}

@ARTICLE{Schäfer200232,
author={Schäfer, D., Dahmke, A., Kolditz, O., Teutsch, G.},
title={"Virtual aquifers" - A concept for evaluation of exploration, remediation and monitoring strategies},
journal={Acta Universitatis Carolinae, Geologica},
year={2002},
volume={46},
number={2-3},
pages={32-36},
note={cited By (since 1996) 0},
url={http://www.scopus.com/inward/record.url?eid=2-s2.0-0036978486&partnerID=40&md5=69f1a30245fc2818991c58a66a365058},
document_type={Article},
source={Scopus},
}

@ARTICLE{Diersch2002899,
author={Diersch, H.-J.G., Kolditz, O.},
title={Variable-density flow and transport in porous media: Approaches and challenges},
journal={Advances in Water Resources},
year={2002},
volume={25},
number={8-12},
pages={899-944},
note={cited By (since 1996) 92},
url={http://www.scopus.com/inward/record.url?eid=2-s2.0-0036704552&partnerID=40&md5=350e53f4d6f15a5182dc11d141c9417a},
document_type={Article},
source={Scopus},
}

@ARTICLE{Thorenz200251,
author={Thorenz, C., Kosakowski, G., Kolditz, O., Berkowitz, B.},
title={An experimental and numerical investigation of saltwater movement in coupled saturated-partially saturated systems},
journal={Water Resources Research},
year={2002},
volume={38},
number={6},
pages={51-512},
note={cited By (since 1996) 5},
url={http://www.scopus.com/inward/record.url?eid=2-s2.0-0036592380&partnerID=40&md5=4c1c960afcce6ee6f79e6b30a2e6d682},
document_type={Article},
source={Scopus},
}

@ARTICLE{Kolditz2001547,
author={Kolditz, O.},
title={Non-linear flow in fractured rock},
journal={International Journal of Numerical Methods for Heat and Fluid Flow},
year={2001},
volume={11},
number={5-6},
pages={547-575},
note={cited By (since 1996) 17},
url={http://www.scopus.com/inward/record.url?eid=2-s2.0-0034823818&partnerID=40&md5=7de3eed06fffdbb45c09fcb68c49e4c2},
document_type={Article},
source={Scopus},
}

@BOOK{Kaiser2000279,
author={Kaiser, R., Rother, T., Kolditz, O., Zielke, W.},
title={Automatic grid adaptation for modeling coupled flow and transport processes in fractured aquifers},
journal={Computational methods in water resources - Volume 1 - Computational methods for subsurface flow and transport},
year={2000},
pages={279-283},
note={cited By (since 1996) 0},
url={http://www.scopus.com/inward/record.url?eid=2-s2.0-0033674211&partnerID=40&md5=dbe38f4267833edb550289606e48e901},
document_type={Conference Paper},
source={Scopus},
}

@ARTICLE{Thorenz200060,
author={Thorenz, C., Kolditz, O., Zielke, W.},
title={A method-of-characteristics concept for advective tracer transport in fracture networks},
journal={IAHS-AISH Publication},
year={2000},
number={265},
pages={60-66},
note={cited By (since 1996) 1},
url={http://www.scopus.com/inward/record.url?eid=2-s2.0-0033793337&partnerID=40&md5=7dbe2ea46a460d8763e871417b2428b3},
document_type={Conference Paper},
source={Scopus},
}

@ARTICLE{Habbar1998313,
author={Habbar, A., Kolditz, O.},
title={Numerical modelling of reactive transport processes in fractured porous media},
journal={IAHS-AISH Publication},
year={1998},
volume={250},
pages={313-319},
note={cited By (since 1996) 0},
url={http://www.scopus.com/inward/record.url?eid=2-s2.0-0032409688&partnerID=40&md5=4af3c4a648eaba4882db8aa04b6260db},
document_type={Article},
source={Scopus},
}

@ARTICLE{Diersch1998401,
author={Diersch, H.-J.G., Kolditz, O.},
title={Coupled groundwater flow and transport: 2. Thermohaline and 3D convection systems},
journal={Advances in Water Resources},
year={1998},
volume={21},
number={5},
pages={401-425},
note={cited By (since 1996) 42},
url={http://www.scopus.com/inward/record.url?eid=2-s2.0-0032053255&partnerID=40&md5=598778ca19f75b9ba702455c1d8db90f},
document_type={Article},
source={Scopus},
}

@ARTICLE{Kolditz199827,
author={Kolditz, O., Ratke, R., Diersch, H.G., Zielke, W.},
title={Coupled groundwater flow and transport: 1. Verification of variable density flow and transport models},
journal={Advances in Water Resources},
year={1998},
volume={21},
number={1},
pages={27-46},
note={cited By (since 1996) 80},
url={http://www.scopus.com/inward/record.url?eid=2-s2.0-0032007495&partnerID=40&md5=87d4072244f717460d06b9deb9aa72a2},
document_type={Article},
source={Scopus},
}

@ARTICLE{Kolditz19981,
author={Kolditz, O., Clauser, C.},
title={Numerical simulation of flow and heat transfer in fractured crystalline rocks: Application to the hot dry rock site in rosemanowes (U.K.)},
journal={Geothermics},
year={1998},
volume={27},
number={1},
pages={1-23},
note={cited By (since 1996) 23},
url={http://www.scopus.com/inward/record.url?eid=2-s2.0-0032004411&partnerID=40&md5=291836de4fb5cd8083c5954b6488722a},
document_type={Article},
source={Scopus},
}

@CONFERENCE{Kaiser1998125,
author={Kaiser, R., Kolditz, O., Zielke, W.},
title={Automatic grid adaption for subsurface fluid flow problems - application to fractured-porous reservoirs},
journal={International Conference on Computational Methods in Water Resources, CMWR},
year={1998},
volume={2},
pages={125-132},
note={cited By (since 1996) 0},
url={http://www.scopus.com/inward/record.url?eid=2-s2.0-0031704037&partnerID=40&md5=2af8ad80b90d9cdbd86f10a59e0bfc4b},
document_type={Conference Paper},
source={Scopus},
}

@ARTICLE{Kosakowski199781,
author={Kosakowski, G., Kasper, H., Taniguchi, T., Kolditz, O., Zielke, W.},
title={Analysis of groundwater flow and transport in fractured rock - Geometric complexity of numerical modelling},
journal={Zeitschrift fur Angewandte Geologie},
year={1997},
volume={43},
number={2},
pages={81-84},
note={cited By (since 1996) 2},
url={http://www.scopus.com/inward/record.url?eid=2-s2.0-0346897117&partnerID=40&md5=5ee5825ba4f744fa787b8d94748a373a},
document_type={Article},
source={Scopus},
}

@ARTICLE{Diersch1996407,
author={Diersch, H.-J.G., Kolditz, O.},
title={On finite-element analysis of spatio-temporal buoyancy-driven convection processes in porous media},
journal={IAHS-AISH Publication},
year={1996},
volume={237},
pages={407-414},
note={cited By (since 1996) 1},
url={http://www.scopus.com/inward/record.url?eid=2-s2.0-3342913266&partnerID=40&md5=8d83e3bd954fa733a5c98b6a9736d24a},
document_type={Article},
source={Scopus},
}

@ARTICLE{Kolditz1995421,
author={Kolditz, O.},
title={Modelling flow and heat transfer in fractured rocks: dimensional effect of matrix heat diffusion},
journal={Geothermics},
year={1995},
volume={24},
number={3},
pages={421-437},
note={cited By (since 1996) 8},
url={http://www.scopus.com/inward/record.url?eid=2-s2.0-0029416486&partnerID=40&md5=4134cebee82b1574e3df279d899689f4},
document_type={Article},
source={Scopus},
}

@ARTICLE{Kolditz1995451,
author={Kolditz, O.},
title={Modelling flow and heat transfer in fractured rocks: Conceptual model of a 3-D deterministic fracture network},
journal={Geothermics},
year={1995},
volume={24},
number={3},
pages={451-470},
note={cited By (since 1996) 15},
url={http://www.scopus.com/inward/record.url?eid=2-s2.0-0029416487&partnerID=40&md5=3c5ac9733692d7c1ffe820d728c47eeb},
document_type={Article},
source={Scopus},
}

@ARTICLE{Jupe1995403,
author={Jupe, A.J., Bruel, D., Hicks, T., Hopkirk, R., Kappelmeyer, O., Kohl, T., Kolditz, O., Rodrigues, N., Smolka, K., Willis-Richards, J., Wallroth, T., Xu, S.},
title={Modelling of a european prototype hdr reservoir},
journal={Geothermics},
year={1995},
volume={24},
number={3},
pages={403-419},
note={cited By (since 1996) 1},
url={http://www.scopus.com/inward/record.url?eid=2-s2.0-0029416484&partnerID=40&md5=64958de39fc0019063f2e43a30cda514},
document_type={Article},
source={Scopus},
}

@ARTICLE{Kolditz1993467,
author={Kolditz, O. and Diersch, H.-J.},
title={Quasi-steady-state strategy for numerical simulation of geothermal circulation in hot dry rock fractures},
journal={International Journal of Non-Linear Mechanics},
year={1993},
volume={28},
number={4},
pages={467-481},
url={http://www.scopus.com/inward/record.url?eid=2-s2.0-38248998961&partnerID=40&md5=fecfde3c0abcb05013abdf069c597908},
document_type={Article},
source={Scopus},
}
@COMMENT{note={cited By (since 1996) 7},}
