@article{buckley1942mechanism,
  title={Mechanism of fluid displacement in sands},
  author={Buckley, S.E. and Leverett, M.C. and others},
  journal={Trans. AIME},
  volume={146},
  pages={107--116},
  year={1942}
}