@string{CMAME ={Computer Methods in Applied Mechanics and Engineering}}
@string{IJSS  = {International Journal of Solids and Structures}}
@string{IJNME  = {International Journal for Numerical Methods in Engineering}}
@string{IJNAMG  = {International Journal for Numerical and Analytical Methods in Geomechanics}}
@string{MCFM  = {Mechanics of Cohesive-Frictional Materials}}
@string{ENGCMP  = {Engineering Computations}}
@string{COMSTR  ={Computers \& Structures}}


@PROCEEDINGS{StHuJi:02,
author = {Stephanson, O. and Hudson, J. and Jing, L.},
 title = {Proceedings of the GeoProc International Conference on Coupled {T-H-M-C} Process in Geo-Systems},
YEAR = {2003},
address = {The Royal Institute of Technology, Stockholm, Sweden}
}


@BOOK{deBoer:00,
    author = {de Boer, R.},
    title = {Theory of Porous Media: Highlights in Historical Development and Current State},
    publisher = {Springer-Verlag},
    address = {Heidelberg},
    year = {2002}
  }
  
@BOOK{deBoer:05,
    author = {de Boer, R.},
    title = {Trends in Continuum Mechanics of Porous Media: Theory and Applications of Transport in Porous Media},
    publisher = {Springer-Verlag},
    address = {Heidelberg},
    year = {2005}
  }


@BOOK{LeSch:98,
    author = {Lewis, R. W. and Schrefler, B. A.},
    title = {The Finite Element Method in the Static and Dynamic Deformation and Consolidation of Porous Media (Second Edition)},
    publisher = {Wiley},
    year = {1998}
  }

@BOOK{EhBl:02,
    author = {Ehlers, W. and Bluhm, J.},
    title = {Porous Media: Theory, Experiments and Numerical Applications},
    publisher = {Springer-Verlag},
    year = {2002}
  }


@BOOK{StrB:00,
    author = {Stroustrup, B.},
    title = {The C++ Programming Language (Third Edition)},
    publisher = {Addison-Wesley},
    year = {2000}
  }


@TECHREPORT{WXKNKH05,
  AUTHOR =       {Wang, W. and Xie, M. and Kolditz, O. and Nowak, T. and Kunz, H. and Shao, H.},
  TITLE =        {Progress on {THM} analysis, An inception report for {DECOVALEX-THMC} Task {D}},
  INSTITUTION =  {Center for Applied Geosciences, University of Tuebingen, Germany},
  YEAR =         {2005},
}


@TECHREPORT{LBNL,
  AUTHOR =       {Barr, D.and Birkholzer, J. and Rutqvist, J. and Sonnenthal, E.},
  TITLE =        {Draft description for {DECOVALEX-THMC} Task {D}: Long-term permaebility/porosity changes in EDZ and near field, due to {THM} and {THC}
       processes in volcanic and Crystalline-bentonite systems},
  INSTITUTION =  {Earth Sciences Division, Lawrence Berkeley National Laboratory, USA},
  YEAR =         {2004},
}

@TECHREPORT{JONNY,
  AUTHOR =       {Rutqvist, J.},
  TITLE =        {Coupling Thermal-Hydrological-Mechanical analysis within the framework of {DECPVALEX-THMC},
    {T}ask {D\_THM}, Step 1: Model Inception},
  INSTITUTION =  {Earth Sciences Division, Lawrence Berkeley National Laboratory, USA},
  YEAR =         {2005},
}


@Article{KSWK:05,
  AUTHOR     = {Korsawe, J. and Starke, G. and  Wang, W.  and Kolditz, O.},
  YEAR       = {2005},
  TITLE      = {Finite element analysis of poro-elastic consolidation in porous media:
mixed and standard approaches },
  JOURNAL    = CMAME,
  volume     = {in print},
  keywords   = {FEM}
  }


@Article{OKJO:04,
  AUTHOR     = {Kolditz, O. and De Jonge, J.},
  YEAR       = {2004},
  TITLE      = { Non-isothermal two-phase flow in low-permeable porous media },
  JOURNAL    = {Computational Mechanics},
  volume     = {33},
  number     = {5},
  pages      = {345--364},
  keywords   = {THM},
  doi    = {10.1007/s00466-003-0537-x }
  }



@InProceedings{OlHue02,
author = {Oliver, J. and Huespe, A.E. and Samaniego E. and Chaves, E.},
title = { On strategies for tracking strong discontinuities in computational failure mechanics},
booktitle = {Proceedings of the World Congress on Computational Mechanics (WCCM V)},
YEAR = {2002},
editor = {Mang, H.A. and Rammerstorfer, F.G. and Eberhardsteiner J.},
address = {Vienna University of Technology, Austria},
}


@TECHREPORT{geosys,
    author = {Kolditz, O. and Beinhorn, M. and Xie, M. and Kalbacher, T. and Bauer, S. and  Wang, W. and McDermott, C. and Chen, C. and Beyer, C. and Gronewold, J. and Kemmler, D. and Walsh, R. and Park, C.H. and Du, Y.},
    title = {{Geo{S}ys Rockflow, Open Source Software Design. Technical Report, GeoSys--Preprint} [2004-25] {http://www.uni-tuebingen.de/zag/geohydrology}},
    institution = {Center for Applied Geosciences, University of Tuebingen},
    year = 2004                                            }


@inproceedings{KolPO03P1,
  AUTHOR     = {Kolditz, O. and Wang, W. and de Jonge, J. and Xie, M. and Bauer, S},
  YEAR       = {2005},
  TITLE      = {A process--oriented approach to compute {THM} problems in porous media},
  booktitle  = {Unsaturated Soils: Numerical and Theoretical Approaches},
  address    = {Springer Proceedings in Physics 94},
  editor     = {Schanz, T.},
  pages      = {53--66},
  publisher = {Springer}
  }


@Article{KolJon04,
  AUTHOR     = {Kolditz, O. and Jonge, J. De },
  YEAR       = {2004},
  TITLE      = { Non-isothermal two-phase flow in low-permeable porous media},
  JOURNAL    = { {C}omputational {M}echanics},
  volume     = {33},
  number     = {5},
  pages      = {345--364}
  }

@BOOK{Budd:01,
    author = {Budd, T.},
    title = {An Introduction to Object-Oriented Programming},
    publisher = {Addison Wesley},
    address = {Third edition},
    year = {2001}
  }

@Article{Fen:90,
  AUTHOR     = {Fenvesm, G. L. },
  YEAR       = {1990},
  TITLE      = {Object-Oriented Programming For Engineering Software Development},
  JOURNAL    = {Engineering With Computers},
  volume     = {6},
  number     = {Winter},
  pages      = {1--15},
  keywords   = {OOP}
  }

@Article{FOFOST:90,
  AUTHOR     = { Forde, B. and Foschi, R. O. and Stiemer, S. F. },
  YEAR       = {1990},
  TITLE      = {Object-Oriented Finite Element Analysis},
  JOURNAL    = COMSTR,
  volume     = {34},
  number     = {3},
  pages      = {355--374},
  keywords   = {OOP}
  }

@Article{FilDev:91,
  AUTHOR     = {Filho, J. and Devloo, P.},
  YEAR       = {1991},
  TITLE      = {Object-Oriented Programming in Scientific Computations: The Beginning of a New Era},
  JOURNAL    = ENGCMP,
  volume     = {8},
  pages      = {81--87},
  keywords   = {OOP}
  }

@Article{MoDe98,
  AUTHOR     = {Mokni, M. and Desrues, J.},
  YEAR       = {1998},
  TITLE      = {Strain localization in measurements in undrained plane-strain biaxial tests on Hostun {RF} sand},
  JOURNAL    = MCFM,
  volume     = {4},
  pages      = {419-448},
  keywords   = {localization}
  }

@Article{Mack:92,
  AUTHOR     = { Mackie, R. I.},
  YEAR       = {1992},
  TITLE      = {Object-Oriented Programming Of The Finite Element Method},
  JOURNAL    = IJNAMG,
  volume     = {35},
  number     = {2},
  pages      = {425--436},
  keywords   = {OOP}
  }

@Article{PidHud:93,
  AUTHOR     = { Pidaparti, R. M. V. and Hudli, A. V.},
  YEAR       = {1993},
  TITLE      = {Dynamic Analysis of Structures Using Object-Oriented Techniques},
  JOURNAL    = COMSTR,
  volume     = {49},
  number     = {1},
  pages      = {149--156},
  keywords   = {OOP}
  }

@Article{RapKris:93,
  AUTHOR     = {Raphael, B. and Krishnamoorthy, C. S.},
  YEAR       = {1993},
  TITLE      = {Automating Finite Element Development Using Object-Oriented Techniques},
  JOURNAL    = ENGCMP,
  volume     = {10},
  pages      = {267--278},
  keywords   = {OOP}
  }

@Article{AdeFu:95,
  AUTHOR     = {Adeli, H. and Yu, G.},
  YEAR       = {1995},
  TITLE      = {An Integrated Computing Environment for Solution
of Complex Engineering Problems Using the Object-Oriented
Programming Paradigm and a Blackboard Architecture},
  JOURNAL    = COMSTR,
  volume     = {54},
  number     = {2},
  pages      = {255--265},
  keywords   = {OOP}
  }

@Article{AdeFu:93,
  AUTHOR     = {Yu, G. and Adeli, H.},
  YEAR       = {1993},
  TITLE      = {An Integrated Computing Environment for Solution
of Complex Engineering Problems Using the Object-Oriented
Programming Paradigm and a Blackboard Architecture},
  JOURNAL    = {Journal Of Structural Engineering--ASCE},
  volume     = {119},
  number     = {9},
  pages      = {2763--281},
  keywords   = {OOP}
  }

@Article{SaZa:99,
  AUTHOR     = {Sampath, R. and Zabaras, N.},
  YEAR       = {1999},
  TITLE      = {An object oriented implementation of a front tracking finite element method for directional solidification process},
  JOURNAL    = IJNME,
  volume     = {44},
  pages      = {1227--1265},
  keywords   = {OOP}
  }


@inproceedings{RihKro94,
  AUTHOR     = {Rihaczek, C. and Kroplin, B.},
  YEAR       = {1994},
  TITLE      = {Object-Oriented Design of Finite
   Element Software for Transient, Non-Linear Coupling Problems},
  booktitle  = {Second
  Congress on Computing in Civil Engineering},
  editor     = {ASCE}
  }

@inproceedings{LewSch82,
  AUTHOR     = {Lewis, R.W. and Schrefler, B.A.},
  YEAR       = {1982},
  TITLE      = {A finite element simulation of the subsidence of gas reservoirs undergoing a waterdrive},
  booktitle  = {Finite Element in Fluids},
  editor     = {Gallagher, R.H. and Norrie, D.H. and Oden, J.T.  and Zienkiewicz,  O.C.},
  pages      = {179--199},
  publisher = {John Wiley}
  }

@article{ZimYve:92,
 author = {Zimmermann, T. and Duboispelerin, Y. and Bomme, P.},
 title = {Object-oriented finite element programming: {I:} Governing principles},
 journal = CMAME,
 volume = {98},
 number = {2},
 year = {1992},
 issn = {0045-7825},
 pages = {291--303},
 doi = {http://dx.doi.org/10.1016/0045-7825(92)90180-R},
 publisher = {Elsevier Sequoia S. A.},
 address = {Lausanne, Switzerland, Switzerland},
 }

@article{YveZim:92,
 author = {Duboispelerin, Y. and Zimmermann, T. and Bomme, P.},
 title = {Object-oriented finite element in programming: {II:} A prototype program in Smalltalk},
 journal = CMAME,
 volume = {98},
 number = {3},
 year = {1992},
 issn = {0045-7825},
 pages = {361--397},
 doi = {http://dx.doi.org/10.1016/0045-7825(92)90004-4},
 publisher = {Elsevier Sequoia S. A.},
 address = {Lausanne, Switzerland, Switzerland},
 }

@article{YveZim:93,
 author = {Duboispelerin, Y. and Zimmermann, T.},
 title = {Object-oriented finite element in programming: {II:} An efficient implementation in C++},
 journal = CMAME,
 volume = {108},
 number = {1-2},
 year = {1993},
 issn = {0045-7825},
 pages = {165--183},
 doi = {http://dx.doi.org/10.1016/0045-7825(92)90004-4},
 publisher = {Elsevier Sequoia S. A.},
 address = {Lausanne, Switzerland, Switzerland},
 }

@article{BudPee:93,
 author = { Budge, K. G.  and Peery, J. S. },
 title = {{RHALE -- A MMALE} shock physics code written in C++},
 journal = {International Journal of Impact Engineering},
 volume = {14},
 year = {1993},
 pages = {107--120}
 }

@Article{PidHudli:93,
  AUTHOR     = { Pidaparti, R. V. M.and Hudli, A. V. },
  YEAR       = {1993},
  TITLE      = {Dynamic analysis of structures using object-oriented techniques},
  JOURNAL    = COMSTR,
  volume     = {49},
  number     = {1},
  pages      = {149--156},
  keywords   = {OOP}
  }

@article{MenZim:93,
 author = {Mentrey, P. and Zimmermann, T. },
 title = {Object-oriented non-linear finite element analysis: application to J2 plasticity},
 journal = COMSTR,
 volume = {49},
 number = {5},
 year = {1993},
 issn = {0045-7825},
 pages = {767--773},
 publisher = {Elsevier Sequoia S. A.},
 address = {Lausanne, Switzerland, Switzerland}
}


@article{SilMes:94,
 author = { Silva, E. J. and Mesquita, P. and Saldanha,  R. R.  and Palmeira , P. F. M. },
 title = {An object-oriented finite element program for electromagnetic field computation},
 journal = {IEEE transactions on magnetics},
 volume = {30},
 number = {},
 year = {1994},
 pages = {3618--3621}
 }

@article{Kalb:05,
 author = { Kalbacher, T. and Wang, W. and  McDermott, Ch. and Kolditz, O. and Taniguchi, T.},
 title = {Development and application of a CAD interface for fractured rock},
 journal = {Journal of Environmental Geology},
 volume = {13},
 year = {2005},
 doi = {DOI: 10.1007/s00254-005-1236-z},
 pages = {1017--1027}
 }


@article{Scholz:92,
 author = {Scholz, S. P.},
 title = {Elements of an Object-Oriented FEM++ Program in C++},
 journal = COMSTR,
 volume = {43},
 number = {3},
 year = {1992},
 pages = {517--529}
}

@Article{ZegHanAit:94,
  AUTHOR     = {Zeglinski, G. W. and Han, R. P. S. and Aitchison, P.},
  YEAR       = {1994},
  TITLE      = {Object-Oriented Matrix Classes For Use In A Finite Element Code Using C++},
  JOURNAL    = IJNAMG,
  volume     = {37},
  number     = {22},
  pages      = {3921--3937},
  keywords   = {OOP}
  }

@article{LuWCD:95,
 author = {Lu, J. and White, D. W. and Chen, W. F. and Dunsmore, H. E.},
 title = {A Matrix Class Library in C++ For Structural Engineering},
 journal = COMSTR,
 volume = {55},
 number = {1},
 year = {1995},
 pages = {95--111}
}

@article{ZimEyh:96,
 author = {Zimmermann, Th and Eyheramendy, D},
 title = {Object-oriented finite elements : I. Principles of symbolic 
derivation and automatic programming},
 journal = CMAME,
 volume = {132},
 number = {3--4},
 year = {1996},
 pages = {259--276}
}

@article{EyhZim:96,
 author = {Eyheramendy, D and Zimmermann, Th},
 title = {Object-oriented finite elements II. A symbolic environment for automatic programming},
 journal = CMAME,
 volume = {132},
 number = {3--4},
 year = {1996},
 pages = {277--304}
}
@article{EyhZim:98,
 author = {Eyheramendy, D and Zimmermann, Th},
 title = {Object-oriented finite elements III. Theory and application of automatic programming},
 journal = CMAME,
 volume = {154},
 number = {1--2},
 year = {1998},
 pages = {41--68}
}

@article{EyhZim:01,
 author = {Eyheramendy, D and Zimmermann, Th},
 title = {Object-oriented finite elements. IV. Symbolic derivations and automatic programming of nonlinear formulations},
 journal = CMAME,
 volume = {190},
 number = {22--23},
 year = {2001},
 pages = {2729--2751}
}



