@ARTICLE{HarWag:00,
    author = "T. Harter and S. Wagner",
    title = "Colloid Transport and Filtration of \emph{Cryptosporidium parvum} in
             Sandy Soils and Aquifer Sediments",
    journal = {Environ. Sci. Technol.},
    volume = 34,
    pages = {62--70},
    year = 2000                                            
}

@ARTICLE{JohBluLog:95,
    author = "W. P. Johnson and K. A. Blue and B. E. Logan",
    title = "Modeling bacterial detachment during transport through porous
             media as a residence-time-dependent process",
    journal = {Water Resour. Res.},
    volume = 31,
    pages = {2649--2658},
    year = 1995                                            
}

@ARTICLE{Ito:51,
    author = "Ito, K.",
    title = "On stochastical differential equations",
    journal = {American Mathematical Society},
    volume = 4,
    pages = {289--302},
    year = 1951                                            
}

@ARTICLE{piggott2003,
  author  = {Piggott, A.R. and Elsworth, D.},
  title   = {Laboratory assessment of the equivalent apertures of a rock fracture},
  journal = {Geophysical Research Letters},
  year    = {1993},
  volume  = {20},
  number  = {13},
  pages   = {1387-1390}
}