@ARTICLE{GWASG:2006,
    author = "{G\"orke} U.-J. and Wimmer M.A. and Alini M. and Schneider E. and {G\"unther} H.",
    title = "Multiscale finite element modeling in tissue engineering of articular cartilage",
    journal = {Eur. Cells Mater.},
    volume = 12,
    number = 1,
    pages = {19},
    year = 2006
}

@BOOK{EB:2002,
    author = {Ehlers W. and Bluhm J.},
    title = {Porous media: Theory, experiments and numerical applications},
    publisher = {Springer},
    address = {Berlin},
    year = 2002                                               
}

@ARTICLE{Pre:1980,
    author = "Prevost P.",
    title = "Mechanics of continuous porous media",
    journal = {Int. J. Eng. Sci},
    volume = 18,
    pages = {787-800},
    year = 1980
}

@ARTICLE{BE:1986a,
    author = "de Boer R. and Ehlers W.",
    title = "On the problem of fluid- and gas-filled elasto-plastic solids",
    journal = {Int. J. Sol. Struct.},
    volume = 22,
    pages = {1231-1242},
    year = 1986
}

@BOOK{TT:1960,
    author = {Truesdell C. and Toupin R.A.},
    title = {The classical field theories},
    series = {Handbuch der Physik},
    volume = {III/1},
    note = {Fl\"ugge, S. (Ed.)},
    publisher = {Springer},
    address = {Berlin},
    pages = {226-902},
    year = 1960                                               
}

@BOOK{Bow:1976,
    author = {Bowen R.M.},
    title = {Theory of mixture},
    series = {Continuum Physics},
    volume = {III},
    note = {Eringen, A.C. (Ed.)},
    publisher = {Academic Press},
    address = {New York},
    year = 1976                                               
}

@ARTICLE{Bow:1980,
    author = "Bowen R.M.",
    title = "Incompressible porous media models by use of the theory of mixtures",
    journal = {Int. J. Eng. Sci.},
    volume = 18,
    pages = {1129-1148},
    year = 1980
}

@BOOK{JCZ:2007,
    author = {Jaeger J.C. and Cook N.G.W and Zimmermann R.W.},
    title = {Fundamentals of rock mechanics},
    edition = {4},
    publisher = {Blackwell Publishing},
    year = 2007                                             
}

@ARTICLE{RBCetal:2001,
    author = "Rutqvist J and {B\"orgesson} L and Chijimatsu M and Kobayashi A and Jing L and Nguyen TS and Noorishad J and Tsang C.-F.",
    title = "Thermohydromechanics of partially saturated geological media: governing equations and formulation of four finite element models",
    journal = {Int. J. Rock Mech. Min. Sci.},
    volume = {38},
    pages = {105-127},
    year = {2001}
    }

@ARTICLE{BB:1963,
    author = "Bishop AW and Blight GE",
    title = "Some aspects of effective stress in saturation and partly saturated soil",
    journal = {Geot{\'{e}}chnique},
    volume = {13},
    pages = {177-197},
    year = 1963
    }
    
@TECHREPORT{BC:1964,
    author = "Brooks RH and Corey AT",
    title = {Hydraulic properties of porous media},
    institution = {Colorado State University},
    note        = "{Hydrology Paper No. 3}",
    address     = {Fort Collins},
    year = 1964
}
